@article{hernandez18b,
author = {David A. Hernández Aponte},
title = {{Aplicando el Modelo Constructivo de Costos a Canaima GNU/Linux}},
journal = {Conocimiento Libre y Licenciamiento},
year = {2018},
number = {18},
pages = {73--83},
howpublished = {\url{https://convite.cenditel.gob.ve/revistaclic/index.php/revistaclic/article/view/944}},
}

@thesis{hernandez18,
author = {David A. Hernández Aponte},
title = {{Ciclos de Vida del Software Libre. Caso de uso Distribución Canaima GNU/Linux}},
type = {Ingeniería de Sistemas},
institution = {Universidad de Los Andes},
year = {2018},
}

@article{canelones17,
author = {Josemiguel Canelones and Aidaliz Guarisma and David Hernández},
title = {{TDA en Venezuela: Descripción técnica a partir de la experiencia desarrollada por CENDITEL}},
journal = {Conocimiento Libre y Licenciamiento},
year = {2017},
number = {16},
pages = {39--48},
howpublished = {\url{https://convite.cenditel.gob.ve/revistaclic/index.php/revistaclic/article/download/914/879}},
}

@article{hernandez16,
author = {David A. Hernández Aponte},
title = {{De Autómatas y Cimarrones: una reseña sobre ``La Ética del Hacker y el Espíritu de la Información'' de Pekka Himanen}},
journal = {Conocimiento Libre y Licenciamiento},
year = {2016},
number = {13},
pages = {203--209},
howpublished = {\url{https://convite.cenditel.gob.ve/revistaclic/index.php/revistaclic/article/download/856/809}},
}

@article{baez16,
author = {Nelevis Báez and Julie Vera and Argenis Osorio and Aidaliz Guarisma and David Hernández},
title = {RedSUR para una Economía Productiva en {Venezuela}},
journal = {Conocimiento Libre y Licenciamiento},
year = {2016},
number = {13},
pages = {160--171},
howpublished = {\url{https://convite.cenditel.gob.ve/revistaclic/index.php/revistaclic/article/download/854/807}},
}

@article{colina16,
author = {Laura Colina and Yngris Ibarguen and Leonel Hernández and Luz Chourio and Hugo Ramírez and David Hernández},
title = {{Transmisión de Aplicaciones Interactivas para Televisión Digital Abierta en Venezuela}},
journal = {Conocimiento Libre y Licenciamiento},
year = {2016},
number = {13},
pages = {149--159},
howpublished = {\url{https://convite.cenditel.gob.ve/revistaclic/index.php/revistaclic/article/download/853/806}},
}

@inproceedings{davila07,
author = {Jacinto Dávila and Joskally Carrero and Jesús Molina and  Gilberto Díaz and David Hernández},
editor = {Fundación para el Desarrollo de la Ciencia y la Tecnología del Estado Mérida},
title = {{ULAnix Scientia: Software a la medida de Científicos y Tecnólogos}},
booktitle = {{Memorias, II Encuentro Nacional de Actores de Popularización de la Ciencia}},
year = {2007},
pages = {133--134},
howpublished = {\url{http://www.fundacite-merida.gob.ve/images/doc/documentos/memorias/memoria3.pdf}},
}

@online{hernandez07,
author = {David A. Hernández Aponte},
title = {{Introducción a GNU Octave. Versión 1.0}},
year = {2007},
OPThowpublished = {\url{https://github.com/davidhdz/ulanix-scientia-docs/blob/master/usr/share/ulanix-scientia-docs/octave/octave.pdf?raw=true}},
}

